<record><leader>00000cas a22000007a 4500</leader><controlfield tag="001">34001744</controlfield><controlfield tag="008">960108c19629999meuwr ne      0    0eng d</controlfield><datafield ind1=" " ind2=" " tag="010"><subfield code="a">sn 95068020 </subfield></datafield><datafield ind1=" " ind2=" " tag="040"><subfield code="a">MBN</subfield><subfield code="b">eng</subfield><subfield code="c">MBN</subfield><subfield code="d">OCLCQ</subfield><subfield code="d">OCLCF</subfield><subfield code="d">OCLCO</subfield></datafield><datafield ind1="1" ind2=" " tag="029"><subfield code="a">AU@</subfield><subfield code="b">000025890754</subfield></datafield><datafield ind1=" " ind2=" " tag="042"><subfield code="a">msc</subfield></datafield><datafield ind1="0" ind2=" " tag="130"><subfield code="a">Town crier (Milo, Me.)</subfield></datafield><datafield ind1="0" ind2="4" tag="245"><subfield code="a">The town crier.</subfield></datafield><datafield ind1=" " ind2=" " tag="260"><subfield code="a">Milo, Me. :</subfield><subfield code="b">Milo Print. Co.</subfield></datafield><datafield ind1=" " ind2=" " tag="300"><subfield code="a">v.</subfield></datafield><datafield ind1=" " ind2=" " tag="310"><subfield code="a">Weekly</subfield></datafield><datafield ind1="0" ind2=" " tag="362"><subfield code="a">Vol. 1, no. 1 (Sept. 26, 1962)-</subfield></datafield><datafield ind1=" " ind2=" " tag="500"><subfield code="a">Serving: Brownville, Brownville Jct., LaGrange, Milo, Sebec.</subfield></datafield><datafield ind1=" " ind2="0" tag="651"><subfield code="a">Milo (Me.)</subfield><subfield code="v">Newspapers.</subfield></datafield><datafield ind1=" " ind2="7" tag="655"><subfield code="a">Newspapers.</subfield><subfield code="2">fast</subfield><subfield code="0">(OCoLC)fst01423814</subfield></datafield><datafield ind1=" " ind2="7" tag="651"><subfield code="a">Maine</subfield><subfield code="z">Milo.</subfield><subfield code="2">fast</subfield><subfield code="0">(OCoLC)fst01256094</subfield></datafield><datafield ind1=" " ind2=" " tag="752"><subfield code="a">United States</subfield><subfield code="b">Maine</subfield><subfield code="c">Piscataquis</subfield><subfield code="d">Milo.</subfield></datafield></record>